<?xml version="1.0"?>
<marc:records xmlns:marc="http://www.loc.gov/MARC21/slim" xmlns:xsi="http://www.w3.org/2001/XMLSchema-instance" xsi:schemaLocation="http://www.loc.gov/MARC21/slim http://www.loc.gov/standards/marcxml/schema/MARC21slim.xsd">
  <marc:record>
    <marc:leader>05748nam a2200685Ia 4500</marc:leader>
    <marc:controlfield tag="001">9977659535903681</marc:controlfield>
    <marc:controlfield tag="005">20200305141625.0</marc:controlfield>
    <marc:controlfield tag="008">200305s1654    xx            000 0 ara d</marc:controlfield>
    <marc:datafield ind1=" " ind2=" " tag="035">
  <marc:subfield code="a">(OCoLC)1143315207</marc:subfield>
</marc:datafield>
    <marc:datafield ind1=" " ind2=" " tag="035">
  <marc:subfield code="a">(OCoLC)on1143315207</marc:subfield>
</marc:datafield>
    <marc:datafield ind1=" " ind2=" " tag="040">
  <marc:subfield code="a">PAU</marc:subfield>
  <marc:subfield code="b">eng</marc:subfield>
  <marc:subfield code="c">PAU</marc:subfield>
  <marc:subfield code="e">amremm</marc:subfield>
</marc:datafield>
    <marc:datafield ind1=" " ind2="9" tag="099">
  <marc:subfield code="a">CAJS Rar Ms 141</marc:subfield>
</marc:datafield>
    <marc:datafield ind1="1" ind2=" " tag="100">
  <marc:subfield code="6">880-01</marc:subfield>
  <marc:subfield code="a">Shari&#x304;f al-Rad&#x323;i&#x304;, Muh&#x323;ammad ibn al-H&#x323;usayn,</marc:subfield>
  <marc:subfield code="d">969 or 970-1016.</marc:subfield>
</marc:datafield>
    <marc:datafield ind1="1" ind2="0" tag="240">
  <marc:subfield code="6">880-02</marc:subfield>
  <marc:subfield code="a">Nahj al-bala&#x304;ghah.</marc:subfield>
  <marc:subfield code="k">Selections</marc:subfield>
</marc:datafield>
    <marc:datafield ind1="0" ind2="0" tag="245">
  <marc:subfield code="6">880-03</marc:subfield>
  <marc:subfield code="a">Kita&#x304;b al-Muntaza&#x2BB; min kala&#x304;m mawla&#x304;na&#x304;.</marc:subfield>
</marc:datafield>
    <marc:datafield ind1="3" ind2="0" tag="246">
  <marc:subfield code="6">880-04</marc:subfield>
  <marc:subfield code="a">Muntaza&#x2BB; min kala&#x304;m mawla&#x304;na&#x304;</marc:subfield>
</marc:datafield>
    <marc:datafield ind1=" " ind2=" " tag="260">
  <marc:subfield code="c">1064 A.H. (1654)</marc:subfield>
</marc:datafield>
    <marc:datafield ind1=" " ind2=" " tag="300">
  <marc:subfield code="a">ii, 244, iv leaves :</marc:subfield>
  <marc:subfield code="b">paper</marc:subfield>
  <marc:subfield code="c">210 x 150 (140 x 80) mm bound to 210 x 155 mm.</marc:subfield>
</marc:datafield>
    <marc:datafield ind1=" " ind2=" " tag="500">
  <marc:subfield code="a">Title from title page (f. 1r).</marc:subfield>
</marc:datafield>
    <marc:datafield ind1=" " ind2=" " tag="500">
  <marc:subfield code="a">Foliation: Contemporary foliation in ink in Hindu-Arabic numerals; upper left recto.</marc:subfield>
</marc:datafield>
    <marc:datafield ind1=" " ind2=" " tag="500">
  <marc:subfield code="a">Layout: Chiefly written in 14 long lines.</marc:subfield>
</marc:datafield>
    <marc:datafield ind1=" " ind2=" " tag="500">
  <marc:subfield code="a">Script: Written in naskh in black ink; pointed, partially vocalized.</marc:subfield>
</marc:datafield>
    <marc:datafield ind1=" " ind2=" " tag="500">
  <marc:subfield code="a">Decoration: Rubrications in red.</marc:subfield>
</marc:datafield>
    <marc:datafield ind1=" " ind2=" " tag="500">
  <marc:subfield code="a">Binding: Bound in red leather over pasteboard with flap (Type II) with blind stamped central mandorla and narrow blind tooled frame; plain paper doublure.</marc:subfield>
</marc:datafield>
    <marc:datafield ind1=" " ind2=" " tag="500">
  <marc:subfield code="a">Origin: The copy was completed in the month of Rabi&#x304;&#x2BB; al-A&#x304;khir 1064 A.H. (March 1654) by Mus&#x323;t&#x323;afa&#x301; ibn Ah&#x323;mad (f. 244r).</marc:subfield>
</marc:datafield>
    <marc:datafield ind1=" " ind2=" " tag="500">
  <marc:subfield code="a">Watermarked European paper: Mos&#x30C;in and Grozdanovic-Pajie&#x301; Type VIII crown-star-crescent; trefoil on some leaves.</marc:subfield>
</marc:datafield>
    <marc:datafield ind1=" " ind2=" " tag="500">
  <marc:subfield code="a">Four notes, two partially effaced (f. 1r) and an embossed stamp (flyleaf 1 at front of book).</marc:subfield>
</marc:datafield>
    <marc:datafield ind1=" " ind2=" " tag="520">
  <marc:subfield code="a">Selections from Nahj al-bala&#x304;ghah.</marc:subfield>
</marc:datafield>
    <marc:datafield ind1=" " ind2=" " tag="524">
  <marc:subfield code="a">CAJS Rar Ms 141</marc:subfield>
</marc:datafield>
    <marc:datafield ind1="1" ind2=" " tag="541">
  <marc:subfield code="a">Gift of Mayer Sulzberger to the library of the Dropsie College for Hebrew and Cognate Learning (note on library bookplate, inside front cover).</marc:subfield>
</marc:datafield>
    <marc:datafield ind1=" " ind2=" " tag="546">
  <marc:subfield code="a">Arabic.</marc:subfield>
</marc:datafield>
    <marc:datafield ind1="1" ind2=" " tag="561">
  <marc:subfield code="a">Formerly owned by [...]&#x2BB;Ali&#x304; ibn Shaykh Shams al-Di&#x304;n in the year 1100 A.H. (1689 CE) (note in ink, f. 1r).</marc:subfield>
</marc:datafield>
    <marc:datafield ind1="1" ind2=" " tag="561">
  <marc:subfield code="a">Formerly owned by Muh&#x323;ammad ibn &#x2BB;Ali&#x304; ibn H&#x323;aydar ibn H&#x323;asan ibn H&#x323;aydar al-Bah&#x323;ra&#x304;ni&#x304; (note in ink, f. 1r).</marc:subfield>
</marc:datafield>
    <marc:datafield ind1="1" ind2=" " tag="561">
  <marc:subfield code="a">Formerly owned by the Dropsie College for Hebrew and Cognate Learning (library bookplate inside front cover).</marc:subfield>
</marc:datafield>
    <marc:datafield ind1="0" ind2="0" tag="600">
  <marc:subfield code="6">880-05</marc:subfield>
  <marc:subfield code="a">&#x2BB;Ali&#x304; ibn Abi&#x304; T&#x323;a&#x304;lib,</marc:subfield>
  <marc:subfield code="c">Caliph,</marc:subfield>
  <marc:subfield code="d">approximately 600-661.</marc:subfield>
</marc:datafield>
    <marc:datafield ind1=" " ind2="0" tag="650">
  <marc:subfield code="a">Speeches, addresses, etc., Arabic</marc:subfield>
  <marc:subfield code="v">Early works to 1800.</marc:subfield>
</marc:datafield>
    <marc:datafield ind1=" " ind2="0" tag="655">
  <marc:subfield code="a">Manuscripts, Arabic.</marc:subfield>
</marc:datafield>
    <marc:datafield ind1=" " ind2="0" tag="655">
  <marc:subfield code="a">Manuscripts, 17th century.</marc:subfield>
</marc:datafield>
    <marc:datafield ind1=" " ind2="7" tag="655">
  <marc:subfield code="a">Codices (bound manuscripts)</marc:subfield>
  <marc:subfield code="2">aat</marc:subfield>
</marc:datafield>
    <marc:datafield ind1=" " ind2="7" tag="655">
  <marc:subfield code="a">Envelope flaps (features)</marc:subfield>
  <marc:subfield code="2">lobt</marc:subfield>
</marc:datafield>
    <marc:datafield ind1="0" ind2=" " tag="700">
  <marc:subfield code="6">880-06</marc:subfield>
  <marc:subfield code="a">Mus&#x323;t&#x323;afa&#x301; ibn Ah&#x323;mad,</marc:subfield>
  <marc:subfield code="d">active 1654,</marc:subfield>
  <marc:subfield code="e">scribe.</marc:subfield>
</marc:datafield>
    <marc:datafield ind1="0" ind2=" " tag="700">
  <marc:subfield code="6">880-07</marc:subfield>
  <marc:subfield code="a">&#x2BB;Ali&#x304; ibn Shaykh Shams al-Di&#x304;n,</marc:subfield>
  <marc:subfield code="d">active 1689,</marc:subfield>
  <marc:subfield code="e">former owner.</marc:subfield>
</marc:datafield>
    <marc:datafield ind1="1" ind2=" " tag="700">
  <marc:subfield code="6">880-08</marc:subfield>
  <marc:subfield code="a">Bah&#x323;ra&#x304;ni&#x304;, Muh&#x323;ammad ibn &#x2BB;Ali&#x304; ibn H&#x323;aydar ibn H&#x323;asan ibn H&#x323;aydar,</marc:subfield>
  <marc:subfield code="e">former owner.</marc:subfield>
</marc:datafield>
    <marc:datafield ind1="0" ind2="2" tag="700">
  <marc:subfield code="6">880-09</marc:subfield>
  <marc:subfield code="a">&#x2BB;Ali&#x304; ibn Abi&#x304; T&#x323;a&#x304;lib,</marc:subfield>
  <marc:subfield code="c">Caliph,</marc:subfield>
  <marc:subfield code="d">approximately 600-661.</marc:subfield>
  <marc:subfield code="t">Speeches.</marc:subfield>
  <marc:subfield code="k">Selections.</marc:subfield>
</marc:datafield>
    <marc:datafield ind1="1" ind2=" " tag="700">
  <marc:subfield code="a">Sulzberger, Mayer,</marc:subfield>
  <marc:subfield code="d">1843-1923,</marc:subfield>
  <marc:subfield code="e">former owner.</marc:subfield>
</marc:datafield>
    <marc:datafield ind1="2" ind2=" " tag="710">
  <marc:subfield code="a">Dropsie College for Hebrew and Cognate Learning,</marc:subfield>
  <marc:subfield code="e">former owner.</marc:subfield>
</marc:datafield>
    <marc:datafield ind1=" " ind2=" " tag="852">
  <marc:subfield code="b">Library at the Herbert D. Katz Center for Advanced Judaic Studies</marc:subfield>
  <marc:subfield code="a">University of Pennsylvania</marc:subfield>
  <marc:subfield code="e">420 Walnut Street, Philadelphia, Pennsylvania 19106-3703</marc:subfield>
  <marc:subfield code="j">CAJS Rar Ms 141</marc:subfield>
</marc:datafield>
    <marc:datafield ind1="4" ind2="1" tag="856">
  <marc:subfield code="z">Digital facsimile in OPenn</marc:subfield>
  <marc:subfield code="u">http://openn.library.upenn.edu/Data/0002/html/cajs_rarms141.html</marc:subfield>
</marc:datafield>
    <marc:datafield ind1="1" ind2=" " tag="880">
  <marc:subfield code="6">100-01//r</marc:subfield>
  <marc:subfield code="a">&#x634;&#x631;&#x64A;&#x641; &#x627;&#x644;&#x631;&#x636;&#x64A;&#x60C; &#x645;&#x62D;&#x645;&#x62F; &#x628;&#x646; &#x627;&#x644;&#x62D;&#x633;&#x64A;&#x646;&#x60C;</marc:subfield>
  <marc:subfield code="d">969 &#x627;&#x648; 970-1016.</marc:subfield>
</marc:datafield>
    <marc:datafield ind1="1" ind2="0" tag="880">
  <marc:subfield code="6">240-02//r</marc:subfield>
  <marc:subfield code="a">&#x646;&#x647;&#x62C; &#x627;&#x644;&#x628;&#x644;&#x627;&#x63A;&#x629;.</marc:subfield>
  <marc:subfield code="k">Selections</marc:subfield>
</marc:datafield>
    <marc:datafield ind1="0" ind2="0" tag="880">
  <marc:subfield code="6">245-03//r</marc:subfield>
  <marc:subfield code="a">&#x643;&#x62A;&#x627;&#x628; &#x627;&#x644;&#x645;&#x646;&#x62A;&#x632;&#x639; &#x645;&#x646; &#x643;&#x644;&#x627;&#x645; &#x645;&#x648;&#x644;&#x627;&#x646;&#x627;.</marc:subfield>
</marc:datafield>
    <marc:datafield ind1="3" ind2="0" tag="880">
  <marc:subfield code="6">246-04//r</marc:subfield>
  <marc:subfield code="a">&#x645;&#x646;&#x62A;&#x632;&#x639; &#x645;&#x646; &#x643;&#x644;&#x627;&#x645; &#x645;&#x648;&#x644;&#x627;&#x646;&#x627;</marc:subfield>
</marc:datafield>
    <marc:datafield ind1="0" ind2="4" tag="880">
  <marc:subfield code="6">600-05//r</marc:subfield>
  <marc:subfield code="a">&#x639;&#x644;&#x64A; &#x628;&#x646; &#x627;&#x628;&#x64A; &#x637;&#x627;&#x644;&#x628;&#x60C;</marc:subfield>
  <marc:subfield code="c">&#x62E;&#x644;&#x64A;&#x641;&#x629;&#x60C;</marc:subfield>
  <marc:subfield code="d">approximately 600-661..</marc:subfield>
</marc:datafield>
    <marc:datafield ind1="0" ind2=" " tag="880">
  <marc:subfield code="6">700-06//r</marc:subfield>
  <marc:subfield code="a">&#x645;&#x635;&#x637;&#x641;&#x649; &#x628;&#x646; &#x627;&#x62D;&#x645;&#x62F;&#x60C;</marc:subfield>
  <marc:subfield code="d">active 1654&#x60C;</marc:subfield>
  <marc:subfield code="e">scribe.</marc:subfield>
</marc:datafield>
    <marc:datafield ind1="0" ind2=" " tag="880">
  <marc:subfield code="6">700-07//r</marc:subfield>
  <marc:subfield code="a">&#x639;&#x644;&#x64A; &#x628;&#x646; &#x634;&#x64A;&#x62E; &#x634;&#x645;&#x633; &#x627;&#x644;&#x62F;&#x64A;&#x646;&#x60C;</marc:subfield>
  <marc:subfield code="d">active 1689&#x60C;</marc:subfield>
  <marc:subfield code="e">former owner.</marc:subfield>
</marc:datafield>
    <marc:datafield ind1="1" ind2=" " tag="880">
  <marc:subfield code="6">700-08//r</marc:subfield>
  <marc:subfield code="a">&#x628;&#x62D;&#x631;&#x627;&#x646;&#x64A;&#x60C; &#x645;&#x62D;&#x645;&#x62F; &#x628;&#x646; &#x639;&#x644;&#x64A; &#x628;&#x646; &#x62D;&#x64A;&#x62F;&#x631; &#x628;&#x646; &#x62D;&#x633;&#x646; &#x628;&#x646; &#x62D;&#x64A;&#x62F;&#x631;&#x60C;</marc:subfield>
  <marc:subfield code="e">former owner.</marc:subfield>
</marc:datafield>
    <marc:datafield ind1="0" ind2="2" tag="880">
  <marc:subfield code="6">700-09//r</marc:subfield>
  <marc:subfield code="a">&#x639;&#x644;&#x64A; &#x628;&#x646; &#x627;&#x628;&#x64A; &#x637;&#x627;&#x644;&#x628;&#x60C;</marc:subfield>
  <marc:subfield code="c">&#x62E;&#x644;&#x64A;&#x641;&#x629;&#x60C;</marc:subfield>
  <marc:subfield code="d">approximately 600-661.</marc:subfield>
  <marc:subfield code="t">Speeches.</marc:subfield>
  <marc:subfield code="k">Selections.</marc:subfield>
</marc:datafield>
    <marc:datafield ind1=" " ind2=" " tag="948">
  <marc:subfield code="h">HELD BY PAU - 0 OTHER HOLDINGS</marc:subfield>
</marc:datafield>
    <marc:datafield ind1=" " ind2=" " tag="994">
  <marc:subfield code="a">Z0</marc:subfield>
  <marc:subfield code="b">PAU</marc:subfield>
</marc:datafield>
    <marc:datafield ind1=" " ind2=" " tag="996">
  <marc:subfield code="a">hinge-right</marc:subfield>
</marc:datafield>
    <marc:holdings>
      <marc:holding>
        <marc:holding_id>22611343970003681</marc:holding_id>
        <marc:call_number>CAJS Rar Ms 141</marc:call_number>
        <marc:library>KatzLib</marc:library>
        <marc:location>cjsrarms</marc:location>
      </marc:holding>
    </marc:holdings>
  </marc:record>
</marc:records>
